<?xml version="1.0" encoding="UTF-8"?><collection xmlns="http://www.loc.gov/MARC21/slim"><record><leader>00304nam--2200121-i-4500</leader><controlfield tag="001">000050040</controlfield><controlfield tag="002">20161230</controlfield><controlfield tag="005">20161230201048</controlfield><controlfield tag="008">060222s1000------------r-----000-0-eng-d</controlfield><datafield ind1=" " ind2=" " tag="100"><subfield code="a">Bazakuca,V.A</subfield></datafield><datafield ind1=" " ind2=" " tag="245"><subfield code="a">Mezhdunarodnaia sistema edinic</subfield></datafield><datafield ind1=" " ind2=" " tag="260"><subfield code="a">Harkov, Izd.Harkovskogo Univ.,1963. 127 S</subfield></datafield><datafield ind1=" " ind2=" " tag="852"><subfield code="a">9474</subfield></datafield></record></collection>